@misc{Tarr2014PerformanceLibraries.,
    title = {{Performance of Hashing in Javascript Crypto Libraries.}},
    year = {2014},
    booktitle = {Stackvm Mad Science Universit},
    author = {Tarr, Dominic},
    pages = {12},
    volume = {2014-04-04},
    url = {https://dominictarr.github.io/crypto-bench/}
}