@misc{TestMiscBiblio,
    title = {{The BLAKE2 Cryptographic Hash and Message Authentication Code (MAC)}},
    year = {2015},
    author = {test},
    pages = {1--30},
    publisher = {ietf},
    url = {https://tools.ietf.org/html/rfc7693},
    institution = {Queen's University Belfast},
    doi = {2070-1721}
}

@article{TestArticleBiblio,
    title = {{Analysis of BLAKE2}},
    year = {2014},
    journal = {Springer International Publishing Switzerland 2014},
    author = {test},
    number = {8366},
    pages = {402â€“423},
    volume = {8366},
    doi = {10.1007/978-3-319-04852-9{\_}21}
}

@misc{Claret2016OvercloudsSpringSession,
    title = {{16DLM-TP210 Overclouds}},
    year = {2016},
    author = {Claret, Romain},
    url = {https://romainclaret.com/Overclouds2016SpringSession},
    institution = {HE-ARC}
}